<?xml version="1.0" encoding="UTF-8"?><collection xmlns="http://www.loc.gov/MARC21/slim"><record><leader>00448nam--2200145-i-4500</leader><controlfield tag="001">000044037</controlfield><controlfield tag="002">20161230</controlfield><controlfield tag="005">20161230201044</controlfield><controlfield tag="008">060222s1000------------r-----000-0-eng-d</controlfield><datafield ind1=" " ind2=" " tag="080"><subfield code="a">62-528.001.5</subfield></datafield><datafield ind1=" " ind2=" " tag="100"><subfield code="a">Teodorescu Dan</subfield></datafield><datafield ind1=" " ind2=" " tag="245"><subfield code="a">Servmotorul ferorezonant, regimuri liniare si neliniare</subfield></datafield><datafield ind1=" " ind2=" " tag="260"><subfield code="a">Bucuresti, Cons.Nat. Al Ing. Si Tehn., 1969, 11p</subfield></datafield><datafield ind1=" " ind2=" " tag="490"><subfield code="a">A Doua Conferinta A Electricienilor. I. Sectia Masini Electrice</subfield></datafield><datafield ind1=" " ind2=" " tag="852"><subfield code="a">31580</subfield></datafield></record></collection>